2490 4492
1095 191 1144 275 75

199 382 471 459 Generationir
503 404 666 477 organa.
726 378 943 478 Emergont¹
968 350 1168 478 genitalia¹

94 518 339 616 summopere
375 518 415 589 in
449 519 669 604 mustaceis,
707 519 927 613 praesertim
960 515 1145 605 mascula;

95 670 209 726 testes
240 653 388 750 saepius
419 652 528 725 sicuti
554 652 681 723 ovaria
704 652 889 765 inunum
916 651 1144 745 coalescunt,
1180 752 1183 757 Δ

93 776 723 890 quodnunquaminsuperior'ibus
735 790 899 859 occurrit
912 787 1143 875 animalibus.

95 925 328 1022 Longissima
340 896 426 994 rasa
447 915 943 1028 deferentia-moltipliciter
968 944 1144 1024 contorta
1170 962 1174 969 ·

72 1094 75 1099 ·
95 1058 145 1133 ad
160 1033 266 1157 panis
278 1054 447 1131 radicem
460 1054 632 1146 tendunt,
642 1055 873 1153 prodeuntia
886 1064 926 1130 in
940 1084 1081 1135 cancro
1097 1087 1145 1134 ex

96 1213 203 1284 teste,
217 1198 257 1266 in
268 1196 440 1297 quinque
459 1190 569 1266 lobos
580 1190 711 1282 diviso,
731 1193 799 1267 sub
812 1193 930 1267 corde
942 1198 1024 1288 sito,
1042 1195 1146 1295 glan·

96 1327 250 1420 duloso,
275 1312 555 1429 nonnunquam
591 1324 703 1401 simul
739 1330 959 1423 conjuncta,
996 1339 1145 1432 saepius
1207 1404 1222 1425 ,

96 1442 286 1558 sejuncta}
330 1468 474 1566 quippe
508 1486 608 1567 quae
643 1461 810 1564 denique
852 1468 893 1538 in
914 1466 1146 1568 ⁴“longiorem

96 1605 353 1693 intumescunt
383 1623 542 1700 penem,
578 1601 645 1700 qui
676 1598 746 1671 sub
781 1600 919 1701 copula
955 1582 1013 1678 ad'
1030 1610 1145 1680 inser·
1182 1690 1186 1697 ‚

98 1708 243 1823 tionem
277 1734 406 1827 nltimij
433 1722 575 1834 pedem
600 1737 701 1832 paris
727 1757 774 1806 ex
800 1738 964 1838 quadam
991 1749 1147 1842 emergit

98 1896 265 1947 verruca.
322 1874 367 1943 In
393 1870 498 1966 cujus
519 1872 634 1941 etiam
660 1868 829 1946 confinio
854 1874 903 1947 ad
928 1872 1146 1954 inferiorem

96 1992 245 2081 'caudae
282 2024 429 2106 partem
469 2002 619 2078 canales
662 2004 740 2081 duo
775 2030 981 2084 occurrunt
1004 2021 1146 2109 cornei,

98 2141 420 2243 longitudinaliter
451 2138 541 2232 fissi,
576 2138 626 2222 ad
651 2143 773 2242 ipsum
800 2140 955 2219 forsitan
981 2154 1147 2230 excitan.

101 2278 192 2352 dum
229 2297 395 2354 oestrum
415 2251 645 2352 'venereum
676 2317 728 2336 -·
750 2279 988 2356 -Foemineae
1021 2308 1153 2387 partae

100 2439 150 2489 ex
182 2417 312 2488 orario
346 2428 629 2511 componuntur
660 2430 784 2507 ovato,
816 2420 856 2499 in
882 2418 1010 2495 medio
1035 2422 1150 2501 dorso

99 2549 169 2667 snb
196 2546 314 2635 corde
337 2549 421 2636 sito,
447 2569 495 2617 ex
521 2570 599 2645 quo
626 2551 805 2648 utrinque
831 2552 1028 2631 oviductus
1058 2586 1148 2659 pm.

102 2684 231 2774 deunt,
256 2678 443 2759 foramina
467 2684 649 2755 intrantes
675 2696 829 2768 externa
854 2684 1029 2785 thoracis,
1066 2723 1148 2775 mo-

101 2819 155 2894 do
188 2814 240 2892 ad
276 2779 429 2891 tertfnm
461 2814 606 2916 pedum
637 2835 731 2917 par,
755 2820 939 2898 modom
937 2830 1043 2926 ipsa
1070 2831 1148 2906 basi

102 2959 204 3030 tertii
236 2942 346 3054 paris.
408 2955 509 3041 Vera
533 2926 649 3036 adeat
678 2942 866 3055 copula
854 2984 902 3032 1n
928 2950 1148 3059 crostaceis3

103 3088 262 3192 snpinae
282 3086 475 3169 foeminae
502 3086 649 3164 vulvam
667 3094 776 3189 penis
790 3096 905 3171 intrat
919 3074 1068 3191 maris3
1078 3129 1150 3182 ova

104 3243 310 3327 ponuntur,
345 3223 614 3353 adglutinanda
637 3221 831 3311 foeminae
861 3230 930 3313 sub
956 3237 1078 3311 cau'da
1100 3239 1151 3316 ad

105 3359 294 3437 foliola
255 3386 468 3461 pmnarum.
507 3358 728 3461 Quaedam
732 3380 1011 3444 antomostraca
1036 3398 1150 3473 spon·
1206 3464 1209 3469 Ι

105 3517 219 3572 tanea
249 3495 425 3572 ridentur
457 3500 595 3581 exoriri
614 3500 879 3599 generatione,
924 3507 980 3581 uti
1020 3532 1152 3586 acarus
1186 3586 1189 3593 ,

105 3634 256 3725 scabiei.
699 3616 722 3649 ⁸

208 3771 296 3845 Huc
321 3776 515 3871 spectant:
