2490 4492
174 179 317 285 64'

174 423 238 475 cus
263 396 466 473 admodum
492 403 713 492 intumescit,
741 403 792 474 ita
815 415 955 490 tamen,¹
988 416 1030 472 ut
1045 398 1103 485 ab
1128 403 1210 499 ipsa

172 534 368 632 obtegatur
393 533 622 625 chorioidea‚
646 533 748 610 fibris
775 534 852 627 ejus
873 550 1079 633 penetrata,
1109 558 1217 635 quae·

171 667 406 773 pyramidum
418 671 532 742 instar
547 675 825 744 innumerarum
845 693 903 760 eo,
920 693 997 771 quo
1017 642 1208 759 corneam,

170 802 405 903 perplurimis
430 807 610 903 insignem
635 798 849 904 polygonis,
878 806 1080 902 attingtmt5
1116 801 1206 877 loco

170 941 362 1047 pigmento·
397 939 673 1035 circumdantur
707 932 825 1039 nigro.¹
886 928 1206 1037 Simplices²i¹ero

171 1072 272 1147 oculi
309 1098 355 1188 ex
388 1073 483 1148 laevi
521 1088 800 1173 componuntur
837 1086 994 1165 cornea,
1032 1075 1207 1148 tenuiore

170 1208 386 1283 chorioidea
413 1221 604 1319 nervoque'
630 1202 758 1311 optino
782 1211 950 1310 proprio.¹

267 1345 588 1439 Reprucluctiortis'
603 1372 764 1440 organa.
818 1345 957 1425 Omnia
972 1328 1118 1441 spiritus
1137 1340 1206 1417 du·

58 1572 65 1579 ἡ
169 1496 259 1554 cunt
281 1482 421 1551 insecta
448 1466 625 1571 trachels,
661 1484 872 1579 stigmatum
904 1502 980 1578 ope
1004 1494 1120 1578 atque
1144 1502 1206 1552 ca·

168 1612 307 1686 nulium
331 1635 408 1721 per¹
426 1637 561 1713 corpus
589 1606 837 1714 dispersorum
845 1640 856 1704 5
887 1637 951 1689 vas
974 1622 1090 1713 porro
1116 1612 1205 1687 dor·

120 1756 123 1765 '
167 1746 243 1821 sale
276 1751 356 1821 sine
389 1746 560 1822 ductibus
596 1738 810 1824 lateralibus
845 1751 889 1821 iis
914 1751 1109 1859 proprium
1137 1766 1202 1823 est.

166 1880 360 1956 'I'r'acheae
397 1906 445 1956 ex
486 1880 641 1958 elastlcis
676 1882 747 1957 filis
782 1882 1203 1983 argenteo-nitentibus

65 2018 71 2029 “
169 2016 350 2099 conflatae
387 2016 570 2116 spiraliter
603 2021 689 2091 sunt
714 2028 924 2110 contortam
946 2013 1201 2121 facillimeque

74 2243 89 2259 ·
166 2171 320 2256 possunt
372 2151 510 2243 evolvi,
564 2158 743 2253 quocirca
783 2164 979 2254 nunquam
1022 2164 1198 2227 corruere

71 2341 75 2349 -
167 2304 322 2391 queant:
365 2293 429 2359 acr
465 2290 503 2359 in
539 2291 582 2360 iis
613 2278 889 2387 circumagitur;
926 2276 1087 2389 ipsoque
1110 2313 1196 2362 cum

164 2425 569 2516 aerecommunicanu
581 2424 796 2521 stigmatum
815 2446 891 2523 ope
908 2409 949 2495 in
962 2425 1062 2496 serie
1081 2406 1194 2496 utrin·
1222 2440 1225 2445 '

44 2552 60 2591 ⁷
165 2578 240 2661 que
263 2560 417 2630 sitorum
442 2554 491 2629 ad
517 2561 685 2657 corporis
709 2557 837 2632 latera.
898 2557 979 2629 Nec
1004 2552 1079 2631 ulla
1113 2582 1194 2633 cor·

131 2707 135 2713 “
163 2695 263 2792 poris
288 2714 372 2789 pars
396 2693 440 2762 iis
461 2708 568 2765 vacat
592 2690 762 2783 tracheis,
790 2689 1035 2792 quamobrem
1059 2714 1193 2793 magna

149 2814 359 2901 'intercedit
381 2824 584 2900 similitudo
609 2849 738 2899 earum
762 2851 849 2900 cum
882 2828 976 2900 vasis
1010 2825 1190 2927 sanguise·

160 2967 219 3037 ris.
268 2963 412 3034 Insecta
438 2983 527 3034 vero
551 2932 728 3061 atinatilia
755 2961 909 3065 proprio
930 2965 1085 3036 omnino
1111 2989 1190 3067 mo·¹

39 3126 44 3132 ·
160 3095 209 3172 do
236 3102 360 3171 acrem
375 3066 537 3193 smirnam
561 3093 776 3195 hydrophili
789 3084 1189 3171 scilicetantennarum

159 3256 243 3330 ope,
270 3229 400 3324 dytisci
423 3232 486 3301 ani
503 3230 625 3327 ipsius.
644 3270 695 3283 -
708 3231 935 3327 Digestionis
954 3252 1094 3330 organa
1110 3244 1207 3309 nou'

156 3369 226 3438 nisi
251 3390 297 3440 ac
321 3363 394 3437 alia
416 3365 457 3435 in
481 3366 629 3438 insectis
652 3387 892 3461 summopere
917 3369 1057 3438 variant
1064 3390 1076 3454 3
1100 3391 1189 3441 ven·
1230 3384 1233 3397 ·

157 3497 307 3571 triculus
333 3500 433 3570 enim
457 3497 572 3572 modo
598 3495 756 3599 simplex
782 3516 856 3591 est,
889 3498 1006 3575 modo
1032 3524 1187 3602 compo·

154 3635 259 3723 situs,
297 3634 546 3735 intestinaque
578 3630 729 3707 exhibet
762 3650 801 3707 et
833 3636 960 3706 tenuia
983 3650 1021 3706 et
1046 3606 1185 3725 crassa}

154 3769 395 3844 teracissimis
430 3785 555 3846 autem
581 3771 701 3844 erucis
719 3766 971 3869 ‘amplissimus
996 3785 1051 3845 est
1075 3769 1184 3846 tubus
