2490 4492
22 478 35 507 2
168 409 399 489 immersum,
423 423 485 480 ,ex
513 399 681 499 pluribus
714 406 834 474 stratis
866 400 1044 476 calcareis
1068 403 1207 498 confla·

169 558 260 613 tum.
310 535 469 645 Pallium
495 559 583 609 vero
608 535 897 624 musculareest,
914 537 1103 615 abdomen
1120 545 1211 613 curn*

168 670 356 749 branchiis
380 648 594 761 obvolvens,
626 693 650 742 e
675 696 751 770 quo
780 687 818 745 et
842 689 956 769 caput
982 691 1019 745 et
1043 669 1206 747 infundi·
1231 714 1235 733 ι

167 807 299 900 bulum
324 818 529 903 emergunt.
582 807 706 903 Caput
729 828 818 879 vero
837 806 955 905 pedes
974 786 1207 883 circumdant

168 939 413 1030 inarticulati,
439 937 557 1013 modo
584 956 673 1013 octo
699 940 864 1033 ejusdem
891 967 1022 1014 omnes
1045 941 1203 1042 longitu-

169 1077 276 1167 dinis,
301 1075 496 1174 modoque
521 1090 610 1146 0cto
636 1073 770 1147 adsunt
786 1075 927 1166 breves,
953 1076 1108 1178 duoque
1123 1077 1204 1152 lon·

169 1213 321 1312 gissimi3
348 1232 479 1283 omnes
504 1232 593 1281 vero
611 1186 792 1281 ornantur
806 1209 1008 1284 acetabulis
1024 1218 1202 1306 suetonis,

168 1371 272 1420 nunc
304 1345 458 1446 quidem
494 1324 706 1436 majoribus,
742 1369 844 1417 nunc
869 1346 1088 1440 minoribus,
1124 1353 1201 1450 qui-
1237 1342 1239 1347 ’

166 1455 524 1556 buscumanimalia
547 1475 725 1582 praedam
752 1495 915 1577 captant.
964 1480 1109 1584 Pedum
1135 1508 1200 1583 poe
1236 1528 1239 1557 2

59 1648 67 1671 ¹
167 1614 344 1689 tissimum
377 1637 453 1711 ope
482 1636 563 1684 sese
587 1629 750 1702 movent,
776 1630 982 1716 natantque
997 1613 1200 1711 celerrime,
1234 1640 1239 1721 ':

169 1722 292 1851 capite
327 1744 480 1825 inferius
512 1750 653 1845 posito,
698 1751 877 1872 quocirca
909 1750 1072 1849 singulos
1105 1757 1200 1829 inter
1237 1786 1239 1795 ·

167 1886 285 2011 pedes
318 1904 617 1981 saepenumero
621 1882 838 1954 membrana
871 1889 1033 1958 occurrit
1057 1906 1200 1964 natato-

168 2027 233 2096 ria.
283 2021 368 2091 Hac
405 2015 453 2087 de
483 2039 524 2087 re
548 1984 665 2087 fibrae
690 2016 915 2090 musculares
940 2037 978 2093 et
1002 2019 1199 2120 longitudi·
1234 1986 1239 2065 ,⁷

168 2156 271 2231 nales
297 2171 335 2226 et
360 2153 460 2224 circa
486 2143 681 2223 acetabula
703 2147 902 2225 circulares
917 2152 1034 2257 pedes
1049 2146 1239 2252 adeunt,

168 2285 326 2392 perinde
351 2309 396 2357 ac
421 2286 491 2381 ipsi
516 2287 630 2357 nervi
775 2295 778 2304 '
1236 2278 1239 2357 i

266 2421 498 2493 Sensilitatis
524 2444 683 2513 organa
734 2420 877 2496 Taenia
897 2414 985 2498 colli
1004 2426 1239 2504 medullari

80 2614 83 2621 -
169 2574 326 2658 excepta
351 2550 557 2643 fortissima,
583 2553 757 2655 gauglion
783 2559 974 2633 cerebrale
990 2561 1108 2638 multo
1123 2592 1197 2641 ma·

168 2698 221 2792 gis
249 2690 439 2778 evolvitur,
466 2714 578 2789 quam
602 2693 644 2762 in
667 2689 961 2784 ostracoderma,
976 2697 1129 2799 ejusque
1141 2727 1197 2773 su·
1237 2752 1239 2785 ÷

167 2823 338 2927 perficies
363 2825 546 2921 posterior
570 2839 685 2922 atque
708 2829 888 2921 superior,
914 2829 1057 2904 cerebri
1073 2837 1196 2928 instar,
1236 2826 1239 2897 ἰ

167 2965 271 3034 strias
294 2959 369 3052 jam
389 2943 621 3049 demonstrdt
645 2954 949 3056 longitudinalest
979 2964 1196 3045 abdomina·
1237 2964 1239 2995 '

167 3094 218 3169 lia
261 3064 350 3165 vero
389 3088 533 3190 ganglia
567 3091 930 3175 ostracodermorum
962 3101 1006 3172 iis
1029 3078 1195 3197 ¹desunt3
1235 3068 1239 3105 Ι

169 3230 345 3330 quocirca
388 3216 508 3297 totum
551 3243 708 3319 systema
742 3249 940 3304 nervosum
972 3259 1088 3308 unum
1123 3239 1196 3333 jam

168 3361 318 3435 exhibet
343 3374 513 3433 connum
527 3361 754 3456 primarium,
782 3387 859 3461 quo
876 3390 1006 3440 omnes
1023 3378 1195 3451 exoriun-

167 3514 227 3569 tur
247 3496 360 3567 nervi·
408 3486 466 3567 Ei
491 3492 647 3571 cerebro
672 3496 846 3568 nimirum
870 3503 958 3591 iste,
993 3526 1041 3576 ex
1071 3507 1195 3586 albida

168 3631 242 3725 jam
264 3650 392 3735 masso
407 3630 594 3703 anteriore
618 3605 813 3730 griseaque
835 3608 1043 3730 posteriore
1056 3642 1193 3725 confla-

73 3784 95 3850 ᾖ
168 3779 226 3855 to,
260 3764 456 3861 originem·
473 3757 624 3835 traham
643 3785 844 3846 nervorum
874 3791 961 3869 ptr,
997 3774 1194 3853 oculorum
