2490 4492
168 187 216 262 42

165 373 230 448 illa
252 399 340 449 vero
366 375 440 471 jam
465 375 616 454 altiores
631 371 798 450 referunt
816 377 976 469 ordines,
998 385 1208 483 sistuntque

165 515 341 595 nimirum
363 518 530 604 'araneas
557 531 740 613 tanquam
751 518 923 588 marinas.
937 556 987 572 -
1002 515 1207 614 Duplicem

165 648 240 741 jum
271 664 386 747 atque
415 623 634 748 perfeetum
664 640 857 746 sanguinis
893 648 1074 725 cir‘culum
1102 649 1205 727 exhi·

165 782 257 855 bent
283 760 581 872 ostracoderma,
607 806 771 882 corpore
795 786 952 882 insignia
976 783 1100 875 molli,
1125 785 1205 884 pul·

164 915 217 992 lio
244 917 396 992 obtecto
424 921 580 1016 proprio
603 916 814 1008 musouluri,
854 937 1025 1022 testaque
1049 919 1204 1019 utpluriae

123 1082 126 1089 ·
163 1077 277 1124 mum·
292 1042 476 1151 praedito.
525 1052 628 1126 Nulli
653 1056 814 1155 veroliis
833 1053 967 1132 adsunt
984 1053 1111 1154 pedes,
1138 1079 1203 1129 ne·

164 1211 241 1294 que
267 1186 461 1276 articulati,
486 1211 613 1288 neque
637 1183 881 1261 inarticuluti:
921 1213 1052 1262 eorum
1076 1207 1203 1263 tumen

163 1321 292 1396 locum
317 1320 506 1395 tentacula
532 1339 672 1415 tenent,
691 1345 857 1397 numero
888 1327 1024 1397 variu·
1053 1327 1104 1397 ln
1126 1346 1202 1399 'ex-

163 1477 282 1544 trema
309 1448 478 1557 co'rporis
503 1430 610 1555 parte
636 1474 796 1558 utraque
817 1457 964 1556 ganglia
987 1475 1201 1550 occurrunt,
1229 1524 1233 1535 .

162 1591 233 1665 filis
255 1615 428 1666 connexa
449 1594 628 1666 nervosis.
678 1591 835 1690 Spiritus
855 1593 998 1667 ducunt
1015 1591 1202 1671 branchiis
1238 1568 1242 1583 Ι

103 1808 106 1813 ,
162 1727 222 1800 vel
255 1732 421 1826 ipsorum
453 1729 528 1821 jam
564 1749 640 1825 ope
672 1726 907 1824 pulmonum.
966 1728 1049 1803 Jam
1085 1727 1201 1802 corde

98 1868 100 1872 ‘
163 1862 327 1961 gaudent
344 1885 441 1950 vero,
462 1864 550 1935 sutis
567 1866 789 1959 composito,
812 1867 959 1937 sinistro
972 1861 1098 1968 cordis
1113 1880 1200 1941 ven·

79 2069 81 2074 .
162 1996 297 2071 trioulo
311 1999 546 2094 superiorum
560 1995 777 2068 animalium
795 1997 1058 2098 respondente,
1082 1995 1200 2071 modo

162 2160 251 2220 uno,
263 2130 457 2233 modoque
471 2123 618 2205 duobus
629 2131 839 2205 ventriculis
852 2150 966 2234 atque
976 2159 1054 2207 uno
1065 2131 1199 2206 altero·

144 2272 209 2353 've
230 2270 325 2341 atrio
346 2263 537 2365 praeditet
563 2267 723 2364 perinde
737 2291 783 2376 aq
802 2248 893 2340 vasis
909 2284 989 2337 tum
1003 2270 1198 2359 arterium,

162 2405 410 2476 tumvenosis.
436 2403 623 2476 Maximus
632 2419 686 2477 est
697 2400 1062 2480 ostracodermorum
1073 2401 1199 2494 tribus,

161 2538 210 2613 ad
236 2561 353 2609 unum
374 2534 528 2609 uixdum
564 2516 698 2635 ty'putn:
730 2514 925 2609 formatus:
962 2562 1042 2612 non
1077 2537 1198 2611 solum

138 2674 296 2779 'eodem
322 2675 361 2747 in
388 2669 538 2761 ordine,
574 2696 703 2781 vesum
730 2677 842 2747 etiam
869 2671 1001 2744 eadem
1026 2675 1067 2746 iu
1091 2669 1197 2746 fami·

159 2808 209 2882 liei
235 2811 395 2905 insignes
415 2816 617 2880 occurrunt
633 2809 837 2898 varietates,
864 2831 962 2908 quae
977 2805 1195 2907 impediunt,

160 2969 237 3045 quo
272 2943 395 3023 minus
438 2957 561 3020 notae.
596 2926 830 3027 universales
854 2945 896 3020 in
932 2937 1064 3051 omniu
1098 2941 1196 3016 bene

47 3166 50 3172 .
159 3076 356 3180 quadrent.

257 3214 390 3285 Motus
422 3214 531 3309 igitur
571 3239 723 3308 organa
759 3235 1000 3312 summopere
1041 3212 1195 3302 varient,

157 3371 311 3440 necesse
343 3363 413 3418 est:
451 3344 633 3446 acephalo
659 3345 819 3445 plurima
851 3344 1059 3420 immobilia
1089 3363 1194 3435 sunt;

156 3483 230 3556 alia
254 3486 343 3555 ve‘ro
369 3485 497 3588 omnia
521 3479 624 3553 lente
646 3503 727 3553 sese
752 3498 987 3579 promovent,
1012 3477 1194 3580 appendi·
1233 3506 1237 3527 ·

137 3623 210 3694 ,εἰς
236 3639 312 3716 ope
336 3614 451 3690 dense
476 3595 709 3707 masculam,
744 3614 897 3715 plantae
929 3613 1035 3714 pedis
1060 3619 1115 3688 sio
1140 3612 1193 3687 di·

64 3751 87 3863 ſs
122 3828 125 3833 ,
155 3772 250 3844 ctae,
276 3749 338 3833 vel
361 3776 437 3852 ope
460 3720 629 3845 eiusdem
652 3755 858 3824 consistunt
872 3747 921 3822 ad
943 3772 1041 3840 saxu,
1058 3747 1192 3851 quibus
