2482 4500
168 185 219 263 44

168 383 223 452 sic
248 376 366 453 dictas
390 338 626 460 branchiales
651 383 803 454 mittunt
814 342 829 470 ς’
851 386 951 458 circa
976 410 1106 473 anum,
1119 411 1196 463 vero

167 498 296 588 denuo
318 513 368 588 ad
392 513 509 611 majus
524 513 648 588 adhuc
663 516 839 616 ganglicn
854 524 1108 611 contemnum
1132 548 1197 596 ma·

116 654 309 723 'trimum
331 672 420 729 vero
445 653 486 722 in
511 648 640 748 planta
664 653 718 752 sic
743 653 844 727 dicta
869 659 1044 729 occurrit.
1102 660 1199 733 Haec

163 774 366 875 laceratio
394 803 449 866 est
472 810 673 903 nemorum
698 764 987 901 acephalorum,
1021 817 1114 878 pam
1145 819 1199 892 ga·

110 932 115 946 ‘
164 911 416 1032 ateropodum‘
435 921 594 1011 annulus
619 922 832 1006 medullaris
857 924 968 1008 latior
988 944 1045 1003 est
1070 926 1199 1009 multo·

165 1081 243 1161 que
276 1048 414 1168 major,
446 1060 561 1156 magis
594 1076 721 1139 tamen
753 1074 972 1159 angustatus
986 1064 1091 1139 circa
1114 1062 1198 1163 pha·

70 1225 131 1272 ,μ
162 1213 331 1294 ryngem.
380 1194 470 1285 Duo
497 1217 544 1267 ex
570 1218 618 1268 en
645 1199 817 1279 criuntur
838 1195 1015 1295 ganglia,
1036 1201 1199 1323 superirg

161 1327 333 1420 alterum,
358 1351 424 1412 seu
460 1327 662 1421 cerebrale,
693 1318 863 1404 bilo'bum
897 1342 969 1422 est,
1004 1347 1044 1404 et
1081 1336 1199 1405 ramur

71 1471 77 1480 '
161 1467 298 1538 emittit
322 1467 363 1549 in
383 1463 659 1545 tentaculorum
677 1463 819 1555 oculos,
844 1464 1002 1569 perinde
1017 1465 1198 1566 adipsum

161 1596 205 1676 c's
229 1570 432 1727 partesque
449 1586 645 1698 genitales,
672 1606 745 1674 ne'c
770 1627 849 1676 non
864 1601 915 1675 ad
936 1601 1197 1702 oesophagum,

160 1721 239 1838 q'uo
269 1761 411 1810 novum
444 1731 628 1842 formatur
656 1734 842 1835 ganglion.
892 1732 1063 1813 Inferius
1058 1757 1195 1812 autem

160 1869 338 1970 ganglion
374 1865 532 1954 alterum
568 1838 750 1944 cerebrali
784 1871 904 1966 majus
938 1887 1010 1963 est,
1048 1897 1097 1953 ac
1122 1872 1192 1955 mh

154 2003 377 2111 oesophago
414 2029 542 2084 ramos
564 2007 699 2077 emittit
723 2004 772 2079 ad
797 2000 954 2086 finitima
977 2009 1122 2083 viscera
1143 2011 1191 2109 ip.

46 2118 49 2123 ’
89 2133 101 2239 J
156 2164 318 2243 sumque
342 2141 544 2244 abdomen,
566 2137 719 2240 plantae
743 2141 813 2219 sub
845 2146 1002 2226 nomine
1033 2147 1190 2227 venient.

155 2280 202 2351 In
239 2274 529 2376 cirrhopodibus
565 2270 652 2371 solis
687 2301 890 2361 nervorum
927 2295 1106 2373 systema,
1147 2273 1190 2382 all

117 2411 313 2491 tmodum
338 2380 613 2495 annulatorum'
628 2410 871 2504 elaboratum,
895 2388 1032 2487 seriem
1045 2410 1195 2489 exhiba-

155 2519 401 2648 gangliorum,
436 2538 587 2630 filorum
620 2551 797 2632 nimirum
834 2537 995 2631 duorum
1026 2547 1128 2621 inter
1153 2570 1189 2623 ee

154 2686 335 2768 invicem*
357 2683 667 2776 conjunctorum,
713 2706 762 2766 err
804 2682 948 2781 annulp
986 2682 1187 2779 medullan',

154 2815 384 2918 pharyngem
411 2817 684 2918 circumdante,
722 2835 963 2905 exortorum,
1007 2816 1090 2902 Jam
1115 2818 1205 2927 ipat'

34 2942 52 2968 '
152 2976 328 3033 sensuum
352 2976 493 3051 organa
519 2954 748 3056 emerguntz'
767 2970 887 3025 tactus
918 2950 1048 3027 sedem
1080 2978 1186 3028 occu·

70 3112 73 3117 ·
152 3104 229 3187 pat,
255 3084 315 3162 vel
336 3089 378 3170 in
402 3058 493 3170 tota
508 3090 678 3198 corporis
699 3084 908 3186 superficie,
930 3085 992 3164 vel
1011 3076 1066 3169 ‘in'
1085 3087 1184 3179 ciliis,

146 3219 257 3323 pallii
294 3222 500 3319 marginem
536 3222 770 3323 ornantibus,
801 3221 863 3308 vel
897 3222 1008 3323 binae
1044 3240 1186 3325 quater·

150 3381 271 3431 naeve
294 3359 369 3432 oris
394 3355 634 3456 appendices,
657 3356 756 3439 labia
778 3328 994 3450 relerentes,
1028 3356 1090 3434 rel
1114 3362 1186 3458 ipsa

112 3485 115 3491 ’
151 3490 319 3594 denique
343 3490 533 3566 tentacula
558 3495 674 3573 tactui
698 3495 912 3574 inserviunt,
974 3493 1085 3588 Quae
1111 3470 1186 3596 qui·

150 3624 238 3698 dem
273 3630 420 3725 apicem
454 3650 580 3701 ventus
607 3625 668 3704 vel
703 3630 821 3730 ipsam
855 3601 906 3706 atl
932 3627 1039 3705 basin
1059 3626 1187 3704 oculor

151 3779 296 3860 gerunt,
316 3761 407 3837 'satis
429 3786 702 3864 saepenumero
725 3767 965 3865 compositor.
