2490 4492
979 212 990 287 ·,
1021 160 1072 283 ss
1111 184 1128 239 ⁸

43 407 237 507 dripartito
249 430 259 494 3
273 407 361 503 ipsa
386 403 430 474 iis
447 400 522 496 jam
539 398 646 473 adest
660 398 795 500 lingua.
846 407 965 480 Totus
984 433 1072 485 vero

44 560 182 616 tractus
217 536 454 613 intestinalis'.
470 542 592 611 tenuis
624 556 679 610 est
700 532 815 640 atque
835 539 1079 642 longissimus,

45 676 92 753 ab
125 700 193 752 ore
226 674 276 748 ad
305 677 418 746 unam
453 674 896 777 usquecaudam're'cta
921 679 1078 755 tendens

14 780 17 785 .
42 811 166 902 linea,
197 812 374 915 utrinque
398 804 446 879 ud
463 807 552 900 ¹ejus
576 806 670 881 latus
696 810 890 908 adiposum
916 817 1080 887 occurrit

47 921 185 1045 corpus
218 935 382 1044 vasaque
416 940 644 1033 insectorum
681 950 860 1045 *raticosa
924 952 1082 1023 Tractus

28 1104 138 1165 ,vero
159 1076 378 1152 intestinalis
402 1082 441 1149 in
468 1082 585 1177 ipsam
611 1085 740 1152 transit
763 1081 921 1157 caudam
947 1087 1082 1157 articua
1191 1104 1194 1109 ·

48 1215 173 1304 latam,
199 1239 312 1314 quam
338 1231 377 1285 et
401 1238 467 1286 cor
492 1212 744 1312 longissimum
770 1217 927 1317 perinde
944 1242 989 1290 ac
1006 1216 1084 1291 mess

50 1349 151 1423 dulla
177 1332 316 1422 intrant
342 1347 607 1436 abdomirtbli53
633 1367 687 1422 est
711 1351 852 1423 scilicet
877 1351 1086 1424 abdominis

51 1489 176 1585 potius
212 1504 432 1582 processus
480 1485 721 1583 aranearum·
744 1505 869 1560 autem
903 1490 1088 1559 ventrieua

19 1694 24 1703 .
52 1620 118 1710 lus,
145 1624 185 1691 in
210 1619 375 1722 quodam
402 1645 494 1692 cavo
517 1592 761 1718 cartilagineo
786 1624 885 1712 situs,
923 1643 969 1693 ex
994 1621 1088 1694 duo-
1161 1700 1165 1714 ,

10 1770 13 1775 ’
54 1757 124 1837 bus
158 1759 400 1863 componitur
431 1753 597 1827 utriculis
628 1755 829 1849 majoribus
854 1755 1089 1867 totidemque

54 1891 271 1981 minoribus,
303 1914 401 1991 quae
423 1889 512 1961 dein
534 1893 574 1962 in
600 1889 751 1964 brevem
776 1864 1116 1990 hiant'oesopha·=
1160 1890 1164 1899 ’

58 2052 157 2126 gum.
205 2029 250 2098 Iu
275 2025 398 2100 cordis
422 2027 577 2124 regione
601 2028 641 2097 in
664 2023 778 2099 teiam
801 2042 962 2100 mutatur
974 2051 1091 2105 mem-

58 2162 301 2251 branaceam,
335 2165 586 2251 tenerrimam,
618 2161 715 2235 adeo
741 2165 984 2239 intimecum
1010 2187 1091 2235 cor·

59 2319 156 2398 pore
181 2295 431 2403 conjunctam¹
446 2296 621 2397 adiposo,
642 2312 682 2379 ut
707 2301 767 2369 vix
792 2320 838 2370 ac
862 2320 912 2370 ne
930 2300 991 2369 vix
1013 2294 1093 2398 qbi-¹
1162 2280 1181 2319 ⁸

62 2432 149 2511 dem
182 2414 312 2505 abeo
343 2429 468 2528 posset
501 2430 669 2530 disjungi.
728 2434 901 2506 Extrema
930 2436 1094 2508 intestini
1175 2454 1178 2459 '

60 2591 148 2667 pars
182 2572 269 2638 cum'
287 2586 421 2644 eoeco
457 2566 623 2665 quodam
647 2566 863 2639 intestinulo
890 2572 1096 2642 communi,

63 2719 142 2791 cat,
174 2696 280 2806 qupd
304 2722 388 2772 vasa
413 2701 554 2772 intrant
575 2698 716 2774 biliosa.
766 2700 907 2777 succus
930 2699 995 2773 ille
1018 2701 1102 2801 glu·'
1147 2756 1150 2761 -

62 2841 217 2926 tinosus,
242 2857 265 2906 e
291 2859 368 2933 quo
393 2831 554 2908 araneae
577 2832 640 2908 fila
663 2804 764 2926 nent,
789 2839 830 2909 in
855 2835 1020 2936 utriculis
1044 2844 1101 2911 se'·

66 2975 231 3050 cernitur
265 2966 632 3062 intestiniformibus,
673 2967 935 3063 anfractuosis,
978 2984 1116 3055 totum

64 3103 148 3179 fere
173 3102 383 3178 abdominis
402 3129 541 3201 'cavum
566 3105 848 3205 occupantibus.

169 3240 438 3311 Generationis
473 3266 635 3335 organa.
696 3240 870 3334 Quorum
904 3239 1025 3341 aditus
1063 3245 1102 3316 in

69 3378 272 3475 scorpione
296 3390 400 3472 patet
422 3375 491 3447 sub
515 3373 670 3463 vulvula,
696 3391 784 3446 ante
806 3379 966 3474 primum
988 3359 1122 3451 abdo·'

70 3513 181 3583 minis
205 3524 438 3607 segmentum
462 3512 540 3583 sita.
590 3507 743 3582 Nullum
768 3512 867 3582 inter
890 3527 1023 3591 sexum·
1036 3511 1108 3583 dis-

74 3649 216 3720 crimen
243 3661 457 3735 externum:
482 3641 599 3723 latent
623 3668 713 3718 vero
738 3644 807 3719 sub
831 3642 950 3718 hacce
964 3646 1108 3720 vulvula

73 3783 115 3854 in
152 3742 312 3882 utroriue
347 3772 508 3851 laminae
529 3764 754 3877 pestinatoe,
778 3779 917 3881 quibus
942 3776 1110 3883 forsitam·
