2490 4492
63 332 66 343 ¹
113 227 161 332 st

89 399 94 425 ‘¹
110 441 184 491 neo
207 414 282 489 ulla
308 414 485 509 exhibent
510 413 668 503 orificia3
697 422 875 519 quocirca
900 419 1061 515 alisiam
1082 420 1148 497 ad„

75 618 78 623 .
110 569 195 626 sunt
230 555 373 642 araneis
410 547 552 624 orificia
589 556 825 650 respiratoria
863 555 1147 663 sublanteriore

109 686 320 761 abdominis
345 704 476 785 parte:¹
502 684 601 783 plica
634 690 734 757 enim
763 688 1010 762 transversalis
1031 695 1147 763 inter·

107 820 248 897 media·
263 825 302 892 iu
327 838 451 919 partes
480 821 584 892 ducit
614 820 810 918 genitales3
845 827 1021 926 utrinque
1053 851 1145 902 vero

107 955 156 1029 ad
180 936 343 1049 ejusdem
368 953 462 1035 latus
488 953 693 1054 oblongum
720 954 902 1031 orificium
922 948 1025 1032 aliud
1047 964 1146 1033 cavi·

107 1108 223 1165 tatem
256 1094 385 1179 intrat,
418 1087 555 1168 larnina
593 1091 782 1164 obtectam
815 1092 1071 1192 cartilaginea,
1104 1098 1147 1169 in

4 1293 6 1298 .
108 1252 183 1337 qua
208 1222 361 1311 demum
386 1212 473 1297 vera
498 1206 663 1321 occurrit
687 1224 866 1300 branchia
901 1229 1146 1330 triangularis,

105 1366 209 1435 tenui
243 1359 407 1435 obducta
431 1357 665 1449 membrana,
699 1355 797 1433 foliis
823 1365 998 1436 nimirum
1022 1364 1145 1466 multo

105 1494 422 1571 numerosioribus
438 1491 602 1593 gaudens
616 1512 730 1597 atque
743 1494 1004 1590 subtilioribus,
1028 1525 1146 1601 quam

104 1635 322 1732 scorpionis.
363 1628 481 1722 Hujus
503 1626 640 1709 deinde
666 1653 744 1721 cor,
768 1654 829 1703 vas
854 1634 1034 1734 tanquam
1056 1632 1145 1715 dor·

103 1768 189 1856 sale,
215 1765 467 1864 longissimum
494 1779 565 1852 est,
598 1760 851 1857 articulatum,
878 1785 984 1841 aorta
1015 1773 1144 1869 potius

101 1889 390 1990 nominandum,
416 1916 625 2015 antrorspm
651 1917 766 2010 atque
790 1919 1020 1999 postrorsum
1042 1906 1167 1978 sum-'

17 2086 21 2101 ι
100 2059 258 2137 mopere
299 2051 550 2134 angustatum,
599 2037 770 2134 quinquo
811 2034 991 2111 exhibens
1034 2043 1142 2138 paria

99 2171 352 2248 musculorum
376 2163 652 2258 alaeformium,
688 2140 822 2270 quibus
843 2169 893 2243 ad
918 2195 985 2245 cor
1010 2196 1142 2249 eruca-

99 2334 183 2391 rum
208 2320 361 2405 spectat.
419 2304 469 2377 iis
506 2320 631 2377 autem
658 2306 823 2403 exceptis
850 2323 1013 2406 quatuor
1033 2314 1140 2407 paria

97 2440 351 2517 musculorum
377 2436 1138 2539 cylindricoruminlongltudinalesbrau·

98 2579 264 2653 chiarum
289 2572 477 2647 musculos
501 2572 681 2662 tendunt3
714 2577 839 2673 ipsum
866 2600 956 2650 vero
990 2550 1058 2651 cor
1079 2582 1137 2665 in«
1173 2626 1176 2637 ·

96 2730 196 2787 traut
217 2735 302 2785 vasa
326 2707 434 2808 plura
460 2734 507 2781 ex
526 2731 689 2807 corpore
706 2707 879 2806 adiposo,
925 2713 1035 2786 Ratio
1053 2709 1135 2789 fere

96 2847 230 2924 eadem
265 2848 305 2916 iu
336 2868 556 2917 aranearum
587 2817 704 2915 sorde
737 2846 919 2935 occurrit,
966 2845 1133 2948 oblongo

94 2987 270 3059 nimirum
306 2977 456 3067 tubulo,
494 2992 536 3046 ut
571 2978 611 3047 in
648 2968 727 3048 aliis
751 2980 918 3067 insectis,
953 2982 1133 3061 similibus

90 3115 266 3219 'praedito
302 3110 476 3186 musculis
509 3097 740 3184 lateralibust
773 3111 849 3185 ¹sed
879 3119 970 3188 vasis
1004 3121 1132 3212 variat,

92 3253 161 3327 sub
186 3274 277 3355 arcu
302 3220 352 3321 ab
376 3270 423 3321 eo
446 3249 612 3355 egressis,
639 3245 844 3320 admodum
868 3244 1131 3353 frequentiori·

91 3387 171 3461 bus.
196 3423 249 3442 ·-
274 3382 377 3475 Quin
394 3382 511 3452 lmmo
528 3384 609 3479 ipse
624 3398 761 3453 tractus
779 3382 996 3456 intestinalis
1015 3411 1131 3487 quae-

91 3522 179 3596 dam
204 3514 355 3590 exhibet
380 3531 588 3588 memoratu
615 3515 743 3614 digna:
771 3521 1012 3616 componitur
1028 3525 1129 3594 enim

71 3655 332 3752 ,scorpionum
350 3663 401 3722 ‘os
424 3672 472 3721 ex
497 3647 641 3723 duabus
665 3648 822 3723 maxillis
840 3668 877 3724 et
892 3649 1128 3767 mandibulis,

90 3814 138 3864 ex
160 3784 281 3891 palpis
307 3780 453 3860 duobus
479 3779 794 3860 chelaeformibus
818 3783 998 3888 labioque
1036 3814 1127 3890 qua·
