2490 4492
179 227 293 336 62ί

178 421 335 510 orificiis,
361 441 428 491 seu
461 415 699 518 stigmatibus,
725 416 773 491 ad
799 426 924 494 aerem
949 424 1205 522 recipiendum

176 536 450 656 respondentia.
513 553 651 624 Omnia
683 569 721 658 et
745 551 921 628 hauriunt
945 565 1070 629 aerem
1095 575 1133 631 et
1155 563 1205 632 in·

68 748 71 756 .
180 693 325 782 colunt,
342 707 465 789 atque
490 687 676 787 triplicem
705 652 865 763 subeunt
888 692 1205 834 metamorphosin
1234 720 1237 738 ²

58 898 62 909 .
178 831 340 903 maxime
364 822 659 898 memorabilem

274 965 406 1034 Motus
432 973 632 1052 organo.
624 952 726 1029 Alia
751 919 881 1056 aptera
903 979 1006 1050 sunt,
1038 962 1110 1035 alia
1132 961 1203 1039 'alas
1235 986 1237 1001 ·

67 1152 73 1159 -
176 1114 308 1198 gerunt
340 1093 477 1168 volatus
534 1095 679 1190 Corpus
709 1115 731 1164 e
764 1072 908 1192 eapite,
929 1111 1063 1169 trunco
1090 1097 1221 1171 abdo-³

74 1318 77 1324 ,
175 1238 352 1332 mineque
376 1214 624 1326 componitur,
649 1227 868 1328 pedumque
892 1244 1040 1328 semper
1054 1235 1123 1304 tria
1143 1206 1223 1323 ada,

66 1362 70 1369 ⁵
174 1384 259 1442 sunt
290 1339 403 1465 paria.
453 1361 566 1435 Nullo
591 1359 715 1434 adhuc
739 1361 879 1436 sceleto
906 1364 1067 1462 gaudent
1093 1369 1203 1439 inter·

175 1530 237 1592 no,
262 1501 404 1573 etiamsi
428 1501 468 1570 in
492 1501 536 1567 iis
558 1493 794 1570 anonnullis
811 1513 999 1572 statuatur«
1053 1500 1203 1576 Cartila⁴

175 1628 307 1739 gineae
340 1628 452 1706 enim'
473 1604 597 1730 partes
630 1628 690 1704 vel
726 1635 941 1724 coriacea'e,
979 1640 1068 1708 ossis
1092 1639 1203 1735 ipsius

60 1753 64 1760 ¹
176 1770 504 1866 duritie-insignes,
528 1763 583 1837 nil
608 1768 678 1838 nisi
703 1785 899 1866 apparatus
923 1787 1018 1860 sunt,
1054 1770 1102 1844 ad
1139 1795 1202 1871 pe*

121 1892 128 1901 ’
175 1909 239 1981 des
264 1900 483 1990 fulciendos,
515 1903 732 2000 neutiquam
758 1920 895 1976 reroe
909 1904 1115 1978 vertebrali
1140 1922 1202 1981 eo·

175 2044 326 2130 lumna,
338 2031 569 2137 primordiali
599 2032 727 2107 sceleti
756 2046 887 2150 parte,
920 2043 1101 2143 originem·
1136 2032 1201 2113 du'··

137 2153 310 2265 οεηῑεε,
333 2174 457 2272 potius
481 2192 571 2243 vero
596 2138 871 2261 individualiter
896 2172 1034 2266 exorti,
1061 2175 1111 2249 ob
1137 2202 1200 2276 pe·

173 2312 239 2385 des
270 2304 506 2409 quorundam
530 2284 727 2394 fossorios,
762 2301 883 2381 fulcro
908 2308 1116 2411 indigentes
1142 2335 1201 2386 ro⁴
1231 2344 1234 2353 ·

168 2444 389 2522 bustissimo.
438 2438 641 2539 inquibus
667 2416 767 2512 enim
792 2437 1011 2518 animalibus
1032 2444 1200 2522 sceletott

173 2594 266 2656 esset
290 2571 560 2651 admittendum
585 2578 783 2667 internum,
819 2576 1011 2652 vertebrae
1036 2578 1199 2657 dorsales

170 2706 229 2791 v'el
256 2697 666 2788 columna‘vertebralis
692 2692 795 2801 adsit,
821 2706 973 2788 necesse
998 2732 1062 2807 est,
1100 2742 1199 2819 quae

170 2848 327 2951 pedibus
349 2847 590 2945 insertionem
614 2844 832 2943 praeberes-l
960 2930 969 2938 ,

102 3022 106 3031 ·
199 3002 227 3011 ·'
267 2983 498 3055 Sensilitatis
534 2992 694 3073 organa.-
752 2978 894 3054 Altiore
927 2981 1001 3076 jam
1033 2984 1198 3085 gaudent

150 3092 313 3192 ³inseota·
334 3110 553 3215 evolationis
578 3112 694 3212 gradu
718 3118 923 3211 systematis
944 3104 1110 3215 nervosi,
1147 3125 1200 3200 ad·

111 3252 114 3257 ’
169 3270 357 3329 crustacea
385 3252 560 3323 nimirum
587 3253 798 3352 spectantis·
856 3246 1060 3330 Calabrum
1092 3264 1194 3335 enim

167 3388 313 3464 duobus
337 3386 575 3485 componitur
598 3383 694 3460 lob'is
719 3384 928 3486 sphaericis,
953 3409 1063 3490 supra
1085 3362 1194 3471 oes'o·

165 3522 327 3624 phagum
359 3523 451 3610 sitis,
486 3517 605 3594 altero
639 3526 896 3621 approximato
929 3523 1069 3601 altera:
1115 3529 1193 3604 An-

167 3678 324 3736 trorsum
353 3678 400 3729 ex
430 3642 478 3730 eo
509 3657 688 3728 oriuntur·
714 3661 819 3731 nervi
854 3657 931 3732 duo
963 3678 1034 3760 pro
1070 3664 1192 3767 palpis

166 3796 318 3898 orisque·
346 3785 534 3878 muscula·
562 3786 764 3898 ¹adlatera
789 3794 974 3896 ‚utrinque
1003 3799 1081 3874 sita·
1103 3790 1198 3877 'sum¹
