2490 4492
108 244 180 318 114

106 430 236 507 vident
260 410 435 519 tenebris,
459 431 513 499 uti
538 422 639 500 feles.
690 426 796 500 Iridis
826 425 933 500 color
949 420 1151 524 formaque

67 603 72 615 .
106 564 274 666 papulae
306 553 469 654 variant,
506 582 604 663 quae
634 561 752 635 modo
787 578 897 634 ovata
923 577 992 650 est,
1031 557 1149 631 modo

68 691 72 697 ’
105 698 279 789 rotunda,
305 698 500 799 modoque
527 696 701 807 oblonga,
738 692 1058 796 perpendicularis
1090 666 1151 766 vel

105 832 300 917 verticalis,
328 858 413 908 cum
438 829 605 919 hominis¹
626 857 776 930 semper
798 818 960 904 rotunda
982 832 1037 900 sits
1069 829 1169 899 uu·-

105 969 202 1042 ditus
236 973 348 1053 etiam
381 948 551 1067 organon
584 962 704 1042 multo
740 966 964 1040 elab‘dratius
999 981 1055 1035 est
1089 987 1150 1035 or·

105 1128 203 1203 gano
226 1107 369 1176 avium:
395 1088 492 1189 auris
519 1119 674 1174 externa
699 1099 958 1174 mammalibus
983 1068 1150 1198 propria,

104 1237 163 1312 vel
190 1240 308 1333 major
334 1256 398 1328 est,
421 1218 486 1310 vel
505 1240 650 1324 minor;
687 1255 809 1334 tragus
840 1234 961 1310 modo
996 1232 1151 1331 elonga·

58 1359 61 1365 ’
103 1377 228 1445 turin
254 1369 551 1474 dupliccmlfere
576 1390 724 1461 aurem,
757 1370 875 1444 modo
900 1366 1056 1443 omnino
1085 1366 1151 1439 de-

104 1527 159 1581 est
186 1512 476 1599 auris'extetna,
501 1503 606 1580 utin
633 1502 734 1581 cetis}
784 1498 973 1604 Tympani
1009 1507 1150 1576 cavitas

53 1656 58 1665 “
103 1662 379 1745 nonnunquam
413 1642 553 1715 bullam
589 1637 682 1715 sistit
721 1626 883 1731 osseam,
920 1635 1149 1723 mastoideo·

101 1802 184 1848 rum
211 1777 299 1851 loco
335 1752 588 1876 processuum.
650 1777 809 1850 Auditus
846 1756 1021 1865 ossicula,
1056 1773 1149 1846 tuba

101 1911 301 2002 Eustachii,
326 1888 474 2016 concha
500 1908 684 2012 spiraliter
710 1920 894 2002 contorta,
921 1928 959 1984 et
983 1929 1058 1982 tres
1086 1932 1148 1982 ca·

99 2045 204 2117 nales
237 2046 532 2119 semicirculares
557 2020 897 2145 summo'gaudent
922 2045 1146 2120 evolationis

99 2176 257 2281 fastigio,
284 2185 390 2253 utin
416 2186 499 2280 ipso
526 2172 606 2252 fere
631 2179 797 2255 homine.
851 2174 1003 2280 Lingua,
1020 2189 1144 2282 gustus

39 2354 42 2360 ·
99 2340 289 2413 organon,
324 2320 448 2388 variae
481 2332 536 2387 est
568 2308 705 2390 indolis
731 2330 769 2389 et
794 2311 961 2404 formae3
997 2286 1144 2414 saepius
1174 2309 1176 2312 ’

77 2443 79 2449 ’
100 2451 177 2544 ejus
201 2449 365 2550 papillae
391 2448 579 2524 humanae
605 2450 754 2550 linguae
778 2450 934 2552 papillas
961 2464 1142 2550 spectant,

15 2602 18 2610 ’
97 2601 140 2683 ut
165 2589 204 2656 i'n
230 2589 354 2676 simiis,
378 2585 574 2687 modoque
593 2604 682 2659 vero
701 2552 963 2686 car'tilagineae
979 2587 1142 2658 evadunt

98 2735 137 2788 et
166 2719 330 2810 scabrae,
363 2719 423 2792 iel
450 2743 557 2795 veros
588 2692 727 2794 sistunt
744 2722 907 2811 aculeos,
932 2737 972 2792 ut
997 2719 1141 2808 leonis;

95 2852 214 2925 modo
228 2857 306 2952 ipsa
323 2852 508 2927 filiformis
536 2874 600 2946 est,
624 2875 665 2927 ut
690 2855 1007 2956 myrmecophagi.
1060 2854 1140 2929 Me·

18 3026 22 3035 «
98 2987 294 3060 morabilis
307 3007 362 3061 est
373 2989 566 3088 ampliatio
578 2987 667 3064 ossis
680 2989 832 3086 hyoidei
844 2992 1032 3099 simiarum
1049 3012 1141 3094 qua·

94 3120 253 3193 tundam
274 3125 314 3195 in
333 3146 477 3198 osseam
494 3116 684 3223 capsulam
705 3143 868 3216 tenuem,
885 3125 1009 3198 multis
1027 3131 1140 3226 septis

26 3286 28 3293 ·
94 3258 330 3348 instructam,
379 3262 482 3354 cujus
524 3286 599 3358 ope
642 3250 804 3353 ejulant.‘
839 3263 998 3334 »Tactus
1033 3230 1165 3361 orga-¹

94 3414 173 3464 non
199 3391 279 3466 aliis
305 3392 416 3484 cedit,
432 3399 577 3468 etiamsi
593 3392 900 3494 perfectissimum
922 3400 968 3468 sit
986 3393 1139 3470 inferio·

8 3526 11 3531 ’
30 3520 37 3546 “
92 3548 176 3597 rum
194 3545 366 3634 respectu
384 3529 610 3621 animalium,
623 3534 661 3605 in
671 3535 783 3602 simiis
798 3534 1028 3630 piaesertim,
1039 3522 1138 3634 quae

93 3659 264 3732 manibus
290 3679 328 3733 et
353 3661 486 3762 digitis,
507 3688 663 3767 nervosa
680 3684 768 3740 cute
782 3669 979 3756 instructis,
1002 3666 1137 3766 procul

93 3791 210 3885 dubio
235 3821 349 3897 quam
374 3804 537 3890 maxime
563 3800 612 3875 ad
638 3799 833 3887 hominem
857 3810 1040 3902 spectant.
