2490 4492
550 409 586 511 ἕ.
642 410 698 486 16.

201 536 303 649 Algis
336 551 430 640 istis,
468 565 602 648 utpote
640 549 895 643 oscillatoriis,
933 552 1150 653 conjugatis,

98 684 310 793 bacillariis,
337 683 563 783 apcipitibus
590 688 819 787 organismis‚
856 683 1038 759 finitimae
1064 706 1151 761 sunt

73 821 195 919 'aliae
221 804 443 893 inferiorum
470 818 603 892 classes
630 819 865 912 animalium,
885 806 1150 923 perfectiores

95 956 172 1053 jam
198 952 356 1044 fonsae,¹
382 958 528 1027 etiamsi
555 970 688 1027 eorum
712 948 855 1031 fabrica
880 957 1150 1057 vegetabilibus

93 1078 324 1194 quibusdam*
348 1080 487 1190 gaudet
512 1089 815 1199 proprietatibus,
850 1110 1081 1195 quamquam
1108 1118 1149 1166 re

77 1222 187 1302 ‘vera
225 1241 423 1335 tranquaut
475 1243 563 1298 cum
611 1216 881 1324 vegetabilibus
925 1210 1149 1302 commutari

95 1378 293 1495 possenti
321 1359 385 1435 Sic
417 1352 519 1434 enim
557 1348 740 1473 polypi
730 1377 805 1456 Jam'
846 1362 976 1452 multo
1007 1363 1148 1437 altioris

60 1587 63 1592 ,
96 1497 233 1601 gradus
255 1483 482 1571 evolationis
507 1499 709 1596 participes
734 1513 831 1587 sunt,
868 1524 983 1598 quam
1007 1496 1148 1574 infuso-

27 1623 30 1645 ¹
89 1632 163 1725 ιιι,
191 1635 336 1706 etiamsi
363 1649 449 1707 cunt
474 1631 557 1707 solo
585 1630 815 1705 cohaereant
839 1635 961 1732 stirpis
979 1653 1055 1733 ope
1073 1635 1147 1709 cal-

96 1793 250 1861 careas,
291 1770 354 1841 cui
385 1757 589 1840 insidentes
621 1784 695 1841 nec
728 1765 825 1841 ullos
848 1766 941 1841 alios
957 1742 1149 1847 ‚exhibent

96 1922 223 1991 motus
261 1901 451 1978 animales.
511 1900 655 1977 Multo
669 1884 826 2003 propius
858 1903 1047 1977 accedunt
1077 1931 1147 2029 po·

42 2098 45 2104 ,
95 2039 177 2141 lypi
225 2060 349 2142 aquae
398 2002 516 2110 dulcis
560 2033 830 2132 hydrifortnes,
878 2042 944 2139 qui
984 2020 1146 2114 formant

96 2175 195 2259 adeo
217 2162 437 2274 mutabilem
457 2196 550 2273 prae
574 2197 615 2246 se
638 2134 787 2263 ferunt,
816 2189 948 2272 utpote
975 2179 1040 2275 qui
1062 2173 1146 2250 lon·

95 2315 219 2412 giores
245 2307 405 2383 evadere
431 2321 604 2408 possunt,
642 2324 763 2409 atque
782 2311 823 2380 iu
842 2298 1043 2410 globulum
1059 2334 1170 2386 sese·

95 2426 298 2530 retraheres
356 2444 532 2539 Quorum
551 2467 658 2520 ivero
690 2449 884 2544 generatio
922 2438 1032 2517 simili
1063 2442 1146 2520 fere

95 2579 212 2657 modo
247 2594 288 2652 ut
319 2572 360 2654 in
393 2574 580 2655 conservis
612 2583 803 2679 peragitur
835 2591 874 2653 et
898 2579 1148 2685 oscillatoriis

93 2736 257 2820 quarum
294 2703 546 2814 tubuliparsi
570 2704 752 2814 pellucidi
778 2708 928 2815 apicem
953 2702 1079 2788 veisus
1103 2719 1144 2789 in
1177 2782 1181 2791 .

95 2850 291 2954 globulum
305 2850 582 2942 intumescunt,-
607 2849 767 2943 sejuncti
792 2849 968 2923 deorsum
992 2849 1144 2942 cadunt,

96 3006 136 3065 et
171 2991 226 3060 sic
258 2989 300 3062 in
334 2987 528 3086 propriam
561 2992 784 3058 accrescunt
825 2982 1143 3073 confervam3in

94 3112 215 3220 hydra
248 3123 424 3195 nimirum
458 3112 592 3219 singuli
617 3118 712 3220 pulli
739 3134 786 3194 ex
811 3120 1023 3196 abdominis
1048 3142 1142 3199 cavo
1164 3198 1169 3225 ι,

93 3272 355 3369 gemmarum
358 3259 475 3328 instat
510 3260 637 3330 enasci
663 3256 1036 3346 animadversurum
1071 3283 1144 3358 per

93 3391 252 3496 aliquod
276 3398 424 3491 tempus
449 3384 503 3464 ibi
528 3410 735 3482 remanent,
763 3392 851 3465 dein
877 3417 1000 3466 sessa
1021 3411 1142 3468 matre

92 3530 302 3627 sejungunt,
327 3529 475 3627 saepius
499 3523 602 3600 hau'd
626 3531 739 3628 prius·
767 3531 881 3629 quam
900 3531 931 3599 si
949 3531 992 3599 iis
1011 3527 1140 3604 denuo

92 3664 189 3771 pulli
226 3665 352 3738 enasci
386 3664 593 3761 coeperint.
654 3662 714 3735 Ab
741 3666 849 3736 initio
876 3686 971 3735 unus
994 3680 1140 3736 tantum

10 3808 13 3813 '
92 3785 276 3905 globulus
292 3801 533 3913 conspicitur,
560 3798 626 3906 qui
655 3799 793 3879 sensim
817 3800 858 3870 in
886 3821 1025 3871 conum
1049 3823 1140 3899 pro·
