2490 4492
1049 182 1183 301 65ι

63 381 210 482 ganglia
243 380 319 455 duo
343 378 508 476 ejusdem
534 376 614 453 fere
636 382 898 482 magnitudinis
922 407 968 459 ac
991 383 1099 487 quili-
1174 451 1178 459 .

63 515 130 590 bet
164 517 309 590 cerebri
343 500 479 608 Iobus,
506 519 546 588 in
578 541 740 590 crassum
765 523 1098 609 transeuntianer·

64 676 152 723 rum
180 649 281 724 oculi
298 650 453 755 bulbum
467 654 686 739 intrantem
713 675 759 724 ex
779 657 986 751 posteriore
1005 677 1096 735 vero
1176 642 1178 651 ’

64 786 211 858 cerebri
242 800 349 884 parte
381 784 458 858 duo
484 790 589 859 nervi
612 784 813 884 longissimi
839 788 887 859 ad
913 786 1096 901 oesopha-

63 944 152 1017 gum
177 909 346 1011 tendunt,
382 947 456 1021 qua
482 919 657 1021 ganglion
684 925 913 1031 constituunt
936 942 1105 1015 ovatum,-

63 1079 112 1127 ex
138 1080 215 1155 quo
240 1053 347 1154 plura
367 1053 432 1129 fila
457 1080 614 1130 nervosa
635 1026 935 1130 mandibularum
950 1061 1095 1156 capitis-

64 1213 139 1290 que
164 1189 305 1263 adeunt
329 1188 526 1267 musculos.
576 1194 687 1264 Tunc
714 1191 839 1265 denuo
866 1191 1039 1289 ganglion
1053 1196 1095 1265 in

62 1325 139 1397 duo
165 1348 264 1398 nova
288 1323 363 1398 fila
357 1325 568 1416 dirimitur,
605 1350 702 1426 quae
727 1320 933 1398 secundum
951 1300 1095 1398 'consti

32 1530 37 1539 ,
61 1458 378 1577 tuuntganglion,
404 1460 508 1552 cujus
532 1457 594 1533 fila
621 1460 760 1560 pedum
785 1465 924 1578 intrant
948 1485 1094 1533 muscu-

60 1592 129 1701 lo's
187 1568 234 1665 Et
270 1597 323 1667 sic
358 1592 434 1669 duo
467 1591 593 1668 denuo
618 1593 690 1667 alia
715 1612 916 1668 nascuntur
938 1593 1093 1697 gangiia,

62 1753 224 1828 quorum
257 1725 335 1801 fila-
345 1727 556 1801 abdominis
585 1732 724 1802 viscera
756 1730 907 1801 adeunt
956 1732 1093 1802 Eruca·

60 1889 144 1936 rum
169 1880 295 1935 autem
319 1881 476 1958 systema
502 1887 550 1937 eo
575 1860 869 1962 penitusdiffert,
896 1866 948 1937 uti
963 1888 1094 1939 omnes
1176 1906 1180 1915 ·

59 1994 140 2071 fere
166 2014 293 2071 earum
316 2015 439 2097 partes
463 2015 503 2071 et
528 2014 705 2073 externae
728 2016 765 2071 et
789 2003 974 2073 internae:
1010 2024 1094 2099 spe·
1127 2036 1136 2106 Ι·

61 2151 138 2207 ctat
173 2137 348 2206 nimirum
381 2132 431 2207 ad
467 2158 664 2209 nervosum
704 2137 883 2210 vermium
924 2152 1091 2229 systema,

61 2272 203 2368 quippe
237 2267 341 2369 quod
376 2272 415 2341 in
444 2272 487 2341 iis
511 2248 613 2342 haud
637 2273 739 2368 p'rius
764 2284 879 2370 ‘quam
902 2287 988 2370 post
1011 2269 1092 2369 plu·
1182 2354 1186 2363 Ι

59 2427 117 2476 res
143 2399 341 2502 perfectius
367 2401 546 2497 evolvitur
569 2388 898 2504 metamorpbotesr
950 2407 1093 2479 Omnes

60 2538 150 2611 dein
186 2559 312 2610 sensus
349 2539 491 2630 majore
527 2537 690 2635 gaudent
720 2540 942 2614 evolationis
974 2540 1090 2640 gradu

60 2675 171 2748 acin
195 2671 404 2771 prioribus;
429 2675 507 2781 ipsa
532 2696 622 2746 vero
649 2699 788 2771 organa
811 2654 919 2747 sedes
950 2676 1091 2749 nedum

61 2811 279 2883 certissimas
313 2801 649 2893 manifestaverunt.
712 2809 883 2903 Quorum
916 2813 1090 2884 nimirum

60 2971 174 3046 quarn
210 2946 371 3016 maxime
407 2944 501 3015 visus
535 2934 704 3040 organon
745 2944 913 3033 excelli13
949 2949 1091 3023 insecta

61 3083 162 3159 enim
192 3077 309 3158 oculis
341 3077 503 3176 gaudent
530 3095 567 3151 et
591 3077 827 3177 simplicibus.
843 3097 881 3150 et
907 3085 1090 3183 composi

61 3219 117 3304 tis,
136 3216 240 3314 iique
259 3215 413 3311 priores,
438 3229 632 3285 stemmata
659 3217 923 3310 cognominati,
948 3234 1089 3314 punctu
1173 3316 1176 3323 Ι

61 3352 130 3421 tria
155 3344 308 3447 parvula
334 3350 395 3419 vix
420 3350 621 3446 conspicua
656 3351 786 3435 sistunt
814 3350 858 3420 'in
889 3368 1089 3448 neuropte-

14 3574 17 3579 ι
62 3487 121 3572 ris,
147 3480 300 3580 dipteris
325 3479 480 3581 aliisque
505 3481 775 3581 compluribus;
802 3483 935 3584 quibus
950 3488 1092 3565 insecta

62 3631 214 3689 utuntur
236 3613 285 3687 ad
309 3618 426 3705 visum
447 3618 487 3689 in
509 3615 662 3708 distans3
694 3622 906 3719 compositis
928 3638 1017 3695 vero
1042 3624 1093 3701 ad

63 3754 180 3827 visum
204 3752 251 3835 in¹
265 3754 531 3853 propinquum.
578 3750 708 3857 ¹Intbis
735 3759 834 3835 euim
848 3778 980 3833 nervus
995 3761 1091 3859 opti.
