2482 4500
481 428 484 433 ’
575 427 681 526 Cap.
732 427 832 500 IV

316 627 545 722 Quartus
556 554 849 721 evolutionis
880 572 1088 727 gradus.

515 896 848 977 Emtoznm
947 964 950 975 .

116 1164 123 1183 x
152 1127 156 1139 ¹
227 1188 230 1193 .
263 1090 360 1170 Cum
386 1096 552 1195 entozois
576 1081 746 1171 animalis
772 1095 937 1171 evolutio
954 1092 1196 1193 majoresjam

138 1226 261 1307 lecit
291 1253 523 1328 progressus.
554 1257 754 1327 nervosum
788 1234 922 1335 incipit
944 1240 1123 1342 systema,
1151 1246 1196 1302 at·

162 1391 238 1470 que
263 1362 508 1489 vasculosum‚
536 1371 683 1468 organis
707 1367 787 1486 jam
806 1367 968 1466 propriis
994 1335 1196 1452 elaboratis,

160 1503 306 1587 etiamsi
331 1497 382 1572 ob
406 1518 659 1599 spontaneam
679 1506 962 1600 generationem
981 1503 1057 1574 ima
1076 1497 1196 1573 adhuc

161 1660 293 1740 eorum
317 1652 445 1732 pateat
462 1633 638 1711 evolutio.
673 1633 943 1734 complectunt
957 1657 1048 1707 vero
1063 1630 1196 1707 formas

159 1742 400 1869 sommopere
436 1774 554 1842 varias
589 1768 717 1871 quoad
752 1788 790 1842 et
811 1768 984 1843 habitum
1011 1786 1049 1841 et
1076 1769 1195 1845 evolu-

74 1902 76 1913 '
158 1913 322 2007 tionem,
370 1904 544 2019 omnibus
588 1908 763 1977 nimirum
801 1902 1017 1978 animalium
1053 1929 1194 2004 corpus,

158 2013 299 2118 viscera
336 2034 567 2139 praesertim
589 2055 827 2143 tractumque
859 2039 1111 2114 intestinalem
1135 2039 1193 2115 ha·

157 2176 371 2265 bitantibus,
396 2173 457 2247 vel
490 2171 764 2248 infestantibus:
802 2159 957 2272 possunt
983 2178 1085 2277 enirn
1112 2178 1193 2250 oriri

156 2317 197 2385 in
222 2310 391 2412 quolibet
426 2312 584 2399 viscere,
618 2312 660 2382 in
697 2308 865 2410 qualibet
890 2311 1060 2408 corporis
1081 2328 1191 2410 parte.

47 2480 49 2485 ·
156 2441 283 2522 Semel
321 2468 411 2519 vero
449 2462 585 2544 sponte
623 2461 754 2518 exorta
789 2442 908 2516 ovulis
934 2422 1197 2544 propagantun

155 2582 217 2658 vel
249 2583 337 2681 ipsis
369 2581 460 2687 viyis
500 2578 626 2678 pullis:
671 2578 854 2679 pleraque
884 2575 1189 2678 hermaphroditis

155 2735 242 2790 sunt
266 2715 588 2813 velandrogyna5
612 2723 752 2790 coeunt
768 2731 900 2787 mutuo
922 2713 1086 2806 alternis,
1110 2739 1189 2789 vera

155 2855 195 2925 in
220 2850 388 2951 pluribus
412 2847 563 2948 copula.

253 2989 388 3062 Motus
420 2983 573 3088 quidem
609 3008 761 3078 organo
794 2983 838 3056 iis
871 2986 1027 3057 omnino
1050 2964 1212 3089 illesum,¹

110 3166 120 3175 ·
156 3125 298 3195 etiarnsi
318 3116 752 3218 echinorhynchollil'rer'i
771 3118 893 3192 adsint
910 3117 1080 3210 musculi,
1099 3137 1135 3192 et
1152 3123 1186 3190 in

153 3256 234 3332 aliis
281 3244 469 3330 nimirum¹
488 3253 608 3330 fibrae
644 3252 889 3346 mussulam,
928 3259 969 3328 in
1011 3254 1185 3357 reliquam

152 3409 385 3468 transeuntes
413 3396 586 3491 corporis
600 3378 853 3463 substantiam.
904 3390 1117 3488 Prorepunt
1133 3412 1185 3466 ce·

151 3525 313 3621 lerrima,
327 3549 500 3629 ,corpore
526 3527 704 3628 elongato
728 3523 845 3599 modo
872 3541 1046 3616 extens03
1072 3525 1185 3626 plera·

131 3657 230 3763 ⁸que
263 3683 311 3734 ex
342 3684 583 3739 mucorem
619 3662 846 3762 pompositm
879 3659 1107 3760 polyporum
1143 3654 1184 3733 ad

150 3795 318 3872 modum.
353 3855 357 3861 .
